@Book          {  BookRef,
  author       = "Автор, И. О. and Другой, И. О. ",
  title        = "Название Книги",
  publisher    = "Издатель",
  year         = "2011",
  language     = "russian"
}

@Article       {  ArticleRef,
  author       = "Автор, И. О. and Другой, И. О. ",
  title        = "Название статьи",
  publisher    = "Издатель",
  journal      = "Журнал",
  year         = "2011",
  volume       = "10",
  number       = "10",
  pages        = "1--10",
  language     = "russian"
}
@Misc          {  LinkRef,
  title        = "Название ссылки",
  note         = "\url{ http://example.com}",
  year         = "2011",
  language     = "russian"
}
